%% This BibTeX bibliography file was created using BibDesk.
%% http://bibdesk.sourceforge.net/


%% Created for Tirhakah at 2013-05-07 15:28:11 +0100 


%% Saved with string encoding Unicode (UTF-8) 



@article{shadbolt,
	Author = {Mark J. Weal and Harith Alani and Sanghee Kim and Paul H. Lewis and David E. Millard and Patrick A.S. Sinclair and David C. De Roure and Nigel R. Shadbolt},
	Date-Added = {2013-05-07 14:28:00 +0000},
	Date-Modified = {2013-05-07 14:28:11 +0000},
	Doi = {10.1016/j.ijhcs.2007.02.001},
	Issn = {1071-5819},
	Journal = {International Journal of Human-Computer Studies},
	Keywords = {Narrative generation},
	Number = {6},
	Pages = {537 - 562},
	Title = {Ontologies as facilitators for repurposing web documents},
	Url = {http://www.sciencedirect.com/science/article/pii/S1071581907000365},
	Volume = {65},
	Year = {2007},
	Bdsk-Url-1 = {http://www.sciencedirect.com/science/article/pii/S1071581907000365},
	Bdsk-Url-2 = {http://dx.doi.org/10.1016/j.ijhcs.2007.02.001}}

@incollection{pizzas,
	Author = {Rector, Alan and Drummond, Nick and Horridge, Matthew and Rogers, Jeremy and Knublauch, Holger and Stevens, Robert and Wang, Hai and Wroe, Chris},
	Booktitle = {Engineering Knowledge in the Age of the Semantic Web},
	Date-Added = {2013-05-07 13:37:42 +0000},
	Date-Modified = {2013-05-07 13:53:04 +0000},
	Pages = {63--81},
	Publisher = {Springer},
	Title = {OWL pizzas: Practical experience of teaching {OWL-DL}: Common errors \& common patterns},
	Year = {2004}}
